<collection xmlns="http://www.loc.gov/MARC21/slim">
<record>
  <leader>01593nam0a2200313 i 450 </leader>
  <controlfield tag="001">IT\ICCU\CNCE\011391</controlfield>
  <controlfield tag="005">20151119000000.0</controlfield>
  <datafield tag="012" ind1=" " ind2=" ">
    <subfield code="a">46a- 2488 2.n- rigl (3) 1587 (R)</subfield>
    <subfield code="2">fei</subfield>
  </datafield>
  <datafield tag="100" ind1=" " ind2=" ">
    <subfield code="a">19970101d1587        0itac0103    ba</subfield>
  </datafield>
  <datafield tag="101" ind1=" " ind2=" ">
    <subfield code="a">ITA</subfield>
  </datafield>
  <datafield tag="102" ind1=" " ind2=" ">
    <subfield code="a">IT</subfield>
  </datafield>
  <datafield tag="200" ind1="1" ind2=" ">
    <subfield code="a">Pistole lezioni et uangeli che si leggono in tutto l&apos;anno alla messa ... Tradotti in volgar fiorentino dal reuerendo Francesco Cattani da Diacceto</subfield>
  </datafield>
  <datafield tag="210" ind1=" " ind2=" ">
    <subfield code="a">In Firenze</subfield>
    <subfield code="c">per Iacopo</subfield>
    <subfield code="d">e Bernardo Giunti</subfield>
    <subfield code="d">1587</subfield>
    <subfield code="e">\Firenze!</subfield>
    <subfield code="g">nella stamperia d&apos;Antonio Padouani</subfield>
  </datafield>
  <datafield tag="215" ind1=" " ind2=" ">
    <subfield code="a">\16!, 454 p.</subfield>
    <subfield code="d">8ʻ</subfield>
  </datafield>
  <datafield tag="500" ind1="1" ind2="0">
    <subfield code="3">IT\ICCU\CNCE\045507</subfield>
    <subfield code="a">Lectionarium missae</subfield>
  </datafield>
  <datafield tag="620" ind1=" " ind2=" ">
    <subfield code="a">IT</subfield>
    <subfield code="d">Firenze</subfield>
  </datafield>
  <datafield tag="710" ind1="0" ind2="2">
    <subfield code="a">Chiesa cattolica</subfield>
    <subfield code="3">6731</subfield>
  </datafield>
  <datafield tag="702" ind1=" " ind2="1">
    <subfield code="a">Cattani da Diacceto,</subfield>
    <subfield code="b">Francesco</subfield>
    <subfield code="c"> &lt;m. 1595&gt;</subfield>
    <subfield code="3">IT\ICCU\CNCA\000156</subfield>
  </datafield>
  <datafield tag="712" ind1="0" ind2="0">
    <subfield code="a">Giunta, Iacopo &lt;2.&gt; &amp; Giunta, Bernardo &lt;2.&gt;</subfield>
    <subfield code="3">IT\ICCU\CNCT\001446</subfield>
    <subfield code="4">650</subfield>
  </datafield>
  <datafield tag="712" ind1="0" ind2="0">
    <subfield code="a">Padovani, Antonio</subfield>
    <subfield code="3">IT\ICCU\CNCT\001132</subfield>
    <subfield code="4">650</subfield>
  </datafield>
  <datafield tag="790" ind1=" " ind2="1">
    <subfield code="a">Diacceto,</subfield>
    <subfield code="b">Francesco</subfield>
    <subfield code="3">IT\ICCU\CNCA\013073</subfield>
    <subfield code="z">Cattani da Diacceto, Francesco &lt;m. 1595&gt;</subfield>
  </datafield>
  <datafield tag="790" ind1=" " ind2="1">
    <subfield code="a">Cattani da Diacceto,</subfield>
    <subfield code="b">Francesco</subfield>
    <subfield code="c"> &lt;Il Giovane&gt;</subfield>
    <subfield code="3">IT\ICCU\CNCA\013075</subfield>
    <subfield code="z">Cattani da Diacceto, Francesco &lt;m. 1595&gt;</subfield>
  </datafield>
  <datafield tag="791" ind1="0" ind2="0">
    <subfield code="a">Patavinius, Antonius</subfield>
    <subfield code="3">IT\ICCU\CNCT\002265</subfield>
    <subfield code="z">Padovani, Antonio</subfield>
  </datafield>
  <datafield tag="791" ind1="0" ind2="0">
    <subfield code="a">Paduanius, Antonius</subfield>
    <subfield code="3">IT\ICCU\CNCT\004016</subfield>
    <subfield code="z">Padovani, Antonio</subfield>
  </datafield>
  <datafield tag="791" ind1="0" ind2="0">
    <subfield code="a">Padovanio, Antonio</subfield>
    <subfield code="3">IT\ICCU\CNCT\005235</subfield>
    <subfield code="z">Padovani, Antonio</subfield>
  </datafield>
  <datafield tag="791" ind1="0" ind2="0">
    <subfield code="a">Padovano, Antonio</subfield>
    <subfield code="3">IT\ICCU\CNCT\005236</subfield>
    <subfield code="z">Padovani, Antonio</subfield>
  </datafield>
  <datafield tag="791" ind1="0" ind2="0">
    <subfield code="a">Padovanius,  Antonius</subfield>
    <subfield code="3">IT\ICCU\CNCT\005238</subfield>
    <subfield code="z">Padovani, Antonio</subfield>
  </datafield>
  <datafield tag="801" ind1=" " ind2="3">
    <subfield code="a">IT</subfield>
    <subfield code="b">ICCU</subfield>
    <subfield code="c">20201113</subfield>
  </datafield>
  <datafield tag="899" ind1=" " ind2=" ">
    <subfield code="a">Biblioteca Leoniana. Pistoia</subfield>
    <subfield code="1">PT0019</subfield>
    <subfield code="2">RT1 LC</subfield>
  </datafield>
</record>
</collection>
